<record><leader>00000cas a22000007a 4500</leader><controlfield tag="001">22575081</controlfield><controlfield tag="008">901024d19011991njuwr ne      0    0eng d</controlfield><datafield ind1=" " ind2=" " tag="010"><subfield code="a">sn 90063068 </subfield></datafield><datafield ind1=" " ind2=" " tag="040"><subfield code="a">NJW</subfield><subfield code="b">eng</subfield><subfield code="c">NJW</subfield><subfield code="d">OCLCQ</subfield></datafield><datafield ind1=" " ind2=" " tag="042"><subfield code="a">msc</subfield></datafield><datafield ind1="0" ind2="4" tag="245"><subfield code="a">The Haddon gazette.</subfield></datafield><datafield ind1=" " ind2=" " tag="260"><subfield code="a">Haddonfield, N.J. :</subfield><subfield code="b">Clymer Bros.</subfield></datafield><datafield ind1=" " ind2=" " tag="300"><subfield code="a">v.</subfield></datafield><datafield ind1=" " ind2=" " tag="310"><subfield code="a">Weekly</subfield></datafield><datafield ind1="1" ind2=" " tag="362"><subfield code="a">Began in 1901.</subfield></datafield><datafield ind1="1" ind2=" " tag="362"><subfield code="a">Ceased June 27, 1991.</subfield></datafield><datafield ind1=" " ind2=" " tag="500"><subfield code="a">Published in Cherry Hill, N.J., July 27, 1961-</subfield></datafield><datafield ind1=" " ind2=" " tag="588"><subfield code="a">Description based on: 1st year, no. 37 (Feb. 28, 1902).</subfield></datafield><datafield ind1=" " ind2=" " tag="752"><subfield code="a">United States</subfield><subfield code="b">New Jersey</subfield><subfield code="c">Camden</subfield><subfield code="d">Haddonfield.</subfield></datafield><datafield ind1=" " ind2=" " tag="752"><subfield code="a">United States</subfield><subfield code="b">New Jersey</subfield><subfield code="c">Camden</subfield><subfield code="d">Cherry Hill.</subfield></datafield></record>